<?xml version="1.0" encoding="UTF-8"?>
<record xmlns="http://www.loc.gov/MARC21/slim">
   <leader>01880cam a2200373 a 4500</leader>
   <controlfield tag="001">4251021</controlfield>
   <controlfield tag="003">NjP</controlfield>
   <controlfield tag="005">20190705145022.0</controlfield>
   <controlfield tag="008">041006s1985    ir       b    000 0 ara d</controlfield>
   <datafield tag="024" ind1="7" ind2=" ">
      <subfield code="a">princeton_aco003710</subfield>
      <subfield code="2">local</subfield>
   </datafield>
   <datafield ind1=" " ind2=" " tag="040">
      <subfield code="a">MH</subfield>
      <subfield code="c">PUL</subfield>
      <subfield code="d">PUL</subfield>
   </datafield>
   <datafield ind1=" " ind2=" " tag="035">
      <subfield code="a">(CStRLIN)CTYN97-B2610</subfield>
   </datafield>
   <datafield ind1=" " ind2=" " tag="035">
      <subfield code="a">(NjP)4251021</subfield>
   </datafield>
   <datafield ind1=" " ind2="4" tag="050">
      <subfield code="a">KBP350</subfield>
      <subfield code="b">.M837 1985</subfield>
   </datafield>
   <datafield ind1=" " ind2=" " tag="049">
      <subfield code="a">PULL</subfield>
   </datafield>
   <datafield ind1=" " ind2=" " tag="035">
      <subfield code="a">(OCoLC)ocm33923877</subfield>
   </datafield>
   <datafield ind1="1" ind2=" " tag="100">
      <subfield code="6">880-01</subfield>
      <subfield code="a">Muḥsinī, Muḥammad Āṣif.</subfield>
   </datafield>
   <datafield ind1="1" ind2="0" tag="245">
      <subfield code="6">880-02</subfield>
      <subfield code="a">Ḥudūd al-sharīʻah /</subfield>
      <subfield code="c">Muḥammad Āṣif al-Muḥsinī.</subfield>
   </datafield>
   <datafield ind1=" " ind2=" " tag="260">
      <subfield code="6">880-03</subfield>
      <subfield code="a">[Qom :</subfield>
      <subfield code="b">s.n.,</subfield>
      <subfield code="c">1985]</subfield>
      <subfield code="e">([Qom] :</subfield>
      <subfield code="f">Maṭbaʻat Amīr al-Muʼminīn ʼalayhi al-salām)</subfield>
   </datafield>
   <datafield ind1=" " ind2=" " tag="300">
      <subfield code="a">4 v. ;</subfield>
      <subfield code="c">25 cm.</subfield>
   </datafield>
   <datafield ind1=" " ind2=" " tag="500">
      <subfield code="a">Ed. statement on v. 2: al-Ṭabʻah 2.</subfield>
   </datafield>
   <datafield ind1=" " ind2=" " tag="500">
      <subfield code="6">880-04</subfield>
      <subfield code="a">"Qad uʻīda ṭabʻ al-juzʼayn al-madhkūrayn [i.e. al-awwal wa-al-thānī] baʻda iṣlāḥāt wa-iḍāfāt bi-musāʻadat baʻḍ al-sādah ..."--V. 2, p. [2].</subfield>
   </datafield>
   <datafield ind1=" " ind2=" " tag="504">
      <subfield code="a">Includes bibliographical references.</subfield>
   </datafield>
   <datafield ind1="0" ind2=" " tag="505">
      <subfield code="6">880-05</subfield>
      <subfield code="a">Juzʼ 1-2. al-Muḥarramāt -- juzʼ 3-4. al-Wājibāt.</subfield>
   </datafield>
   <datafield ind1=" " ind2="0" tag="650">
      <subfield code="a">Islamic law</subfield>
      <subfield code="x">Interpretation and construction.</subfield>
      <subfield code="0">http://id.loc.gov/authorities/subjects/sh85068455</subfield>
   </datafield>
   <datafield ind1=" " ind2="0" tag="650">
      <subfield code="a">Shiites.</subfield>
      <subfield code="0">http://id.loc.gov/authorities/subjects/sh85121432</subfield>
   </datafield>
   <datafield ind1="1" ind2=" " tag="880">
      <subfield code="6">100-01/r</subfield>
      <subfield code="a">محسني، محمد آصف.</subfield>
   </datafield>
   <datafield ind1="1" ind2="0" tag="880">
      <subfield code="6">245-02/r</subfield>
      <subfield code="a">حدود الشريعة /</subfield>
      <subfield code="c">محمد آصف المحسني.</subfield>
   </datafield>
   <datafield ind1=" " ind2=" " tag="880">
      <subfield code="6">260-03/r</subfield>
      <subfield code="a">[قم :</subfield>
      <subfield code="b">s.n.،</subfield>
      <subfield code="c">1985]</subfield>
      <subfield code="e">([قم] :</subfield>
      <subfield code="f">مطبعة امير المؤمنين أليه السلام)</subfield>
   </datafield>
   <datafield ind1=" " ind2=" " tag="880">
      <subfield code="6">500-04/r</subfield>
      <subfield code="a">"قد اعيد طبع الجزأين المذكورين [ا.. الاول والثاني] بعد اصلاحات واضافات بمساعدة بعض السادة ..."V. 2، P. [2].</subfield>
   </datafield>
   <datafield ind1="0" ind2=" " tag="880">
      <subfield code="6">505-05/r</subfield>
      <subfield code="a">جزء 1-2. المحرمات جزء 3-4. الواجبات.</subfield>
   </datafield>
   <datafield ind1=" " ind2=" " tag="904">
      <subfield code="a">mnc</subfield>
      <subfield code="b">a</subfield>
      <subfield code="h">n</subfield>
      <subfield code="c">t</subfield>
      <subfield code="e">20041006</subfield>
   </datafield>
   <datafield ind1=" " ind2=" " tag="998">
      <subfield code="s">9112</subfield>
   </datafield>
   <datafield ind1=" " ind2=" " tag="994">
      <subfield code="a">C0</subfield>
      <subfield code="b">PUL</subfield>
   </datafield>
   <datafield ind1=" " ind2=" " tag="999">
      <subfield code="a">4251021</subfield>
   </datafield>
   <datafield ind1=" " ind2=" " tag="979">
      <subfield code="a">(OCoLC)ocn178598179</subfield>
   </datafield>
   <datafield ind1="0" ind2=" " tag="852">
      <subfield code="0">4512159</subfield>
      <subfield code="b">rcppa</subfield>
      <subfield code="h">KBP350</subfield>
      <subfield code="i">.M837 1985</subfield>
      <subfield code="x">tr fr arab</subfield>
   </datafield>
   <datafield ind1=" " ind2="0" tag="866">
      <subfield code="0">4512159</subfield>
      <subfield code="a">al-Juzʾ 1-al-juzʾ 4</subfield>
   </datafield>
   <datafield ind1=" " ind2="0" tag="866">
      <subfield code="0">4512159</subfield>
      <subfield code="x">DESIGNATOR: al-juzʾ</subfield>
   </datafield>
   <datafield ind1=" " ind2=" " tag="959">
      <subfield code="a">2004-10-06 14:36:47 -0400</subfield>
   </datafield>
</record>
